%   bibliographie with biblatex package
%   
%   for more information look into package documentation

% example 1
@book{example,
    author        = {Max Mustermann and Bernd Beispiel},
    title         = {Titel of the book example},
    pages         = {50-60},
    year          = {Year},
    publisher     = {Publisher},
    location      = {Location}
}
 % example 2
@online{examplewebsite,
    author        = {Alfred Author},
    title         = {Titel of the webseite},
    year          = {Year},
    url           = {exampleurl},
    urldate       = {2021-03-17}
}
